3642 5567
262 1354 346 1440 (lum
366 1381 438 1435 ante
463 1373 520 1435 lros
536 1356 621 1454 ipsos
645 1371 720 1432 does
737 1388 832 1431 annos
851 1367 1041 1451 praefandum
1060 1380 1140 1432 esset
1163 1378 1240 1431 tomo
1260 1369 1352 1450 prime
1376 1367 1484 1447 „Tbe-

261 1462 335 1522 sauri
354 1459 634 1523 cummentatiunum
652 1458 682 1520 in
697 1456 885 1539 antiqnitates
903 1456 1186 1537 ecclesiasticas“*)
1208 1477 1289 1521 ame
1308 1457 1387 1533 editi,
1406 1478 1485 1540 pan·

261 1549 302 1611 cis
321 1551 382 1630 jum
400 1548 511 1611 dietum
529 1557 576 1611 est
592 1549 628 1609 de
644 1543 789 1622 consilio,
816 1547 893 1627 quod
911 1545 942 1606 in
964 1548 1134 1609 adornando
1151 1545 1207 1607 buc
1230 1546 1353 1623 „ludica
1372 1545 1485 1608 disser-

261 1638 399 1700 tationum
416 1641 494 1700 etc.“
517 1645 638 1698 secutus
656 1654 738 1711 snm,
754 1633 915 1715 specimine
934 1635 1015 1716 eius,
1034 1644 1151 1718 praeter
1169 1633 1325 1714 isagogica
1341 1634 1484 1716 quaedam

264 1728 349 1806 capnt
371 1727 407 1786 de
429 1723 519 1787 lestis
541 1723 775 1787 Christianorum
798 1720 1025 1803 complectente,
1049 1722 1093 1783 illi
1120 1719 1288 1784 collectioni
1312 1721 1484 1803 appendicis

268 1813 333 1874 loce
349 1813 466 1875 inserto.
500 1810 663 1875 Maximam
681 1820 790 1894 partem
808 1819 867 1871 tum
888 1810 964 1891 typis
977 1811 1037 1891 jaru
1063 1810 1228 1892 exscriptus
1252 1820 1332 1886 crat,
1356 1811 1408 1870 sed
1427 1830 1484 1871 an-

267 1912 376 1982 tequam
393 1900 514 1964 ultimae
530 1900 596 1981 ejus
615 1898 754 1981 plagulae
770 1895 1004 1970 absolverentur,
1021 1896 1123 1960 incidit
1139 1897 1226 1959 aces!
1243 1917 1321 1959 anno
1337 1896 1482 1976 superiori

264 1982 304 2059 ὡς
319 1982 457 2068 κλέπτης
472 1985 507 2049 ἓν
522 1987 612 2049 νυκτί
633 1985 732 2049 fatalis
748 1985 799 2048 ille
818 1984 974 2048 Februarii
993 1985 1057 2046 dies
1073 1983 1270 2062 intercalaris,
1295 1982 1363 2046 inde
1380 2005 1398 2047 a
1414 2006 1483 2067 quo,

263 2073 512 2138 Franco-Gallia
536 2073 693 2137 classicum
720 2084 857 2151 canente,
888 2093 936 2136 res
961 2073 1138 2138 Germaniae
1168 2072 1303 2156 publicae
1335 2071 1402 2135 loco
1428 2094 1484 2137 sne

262 2174 354 2226 motae
381 2174 411 2227 et
444 2162 718 2226 contentiosissimis
743 2161 903 2224 factionum
929 2162 1036 2224 studiis
1065 2164 1139 2227 aden
1175 2164 1308 2225 turbatae
1339 2173 1424 2239 sunt,
1453 2170 1485 2224 et

261 2258 413 2314 crescente
439 2251 470 2311 iu
494 2250 558 2313 dies
575 2250 751 2313 confusione
772 2250 832 2330 jam
859 2249 889 2310 iu
906 2249 997 2327 illud,
1021 2252 1099 2331 quod
1123 2272 1202 2312 nunc
1226 2250 1352 2313 maxime
1375 2250 1483 2330 agitor,

263 2339 420 2402 discrimen
437 2348 554 2407 ventem
570 2338 623 2418 sit,
641 2338 708 2415 nbi,
726 2337 794 2419 qnid
812 2338 848 2399 de
866 2338 1095 2416 conditionibus,
1115 2339 1221 2420 quibus
1237 2339 1350 2419 patriae
1365 2347 1484 2400 uestrae

264 2428 345 2490 salus
362 2428 483 2504 nitatur,
499 2425 607 2489 foturis
622 2425 826 2507 augurandum
844 2429 1080 2508 sperandumque
1096 2428 1144 2506 sit,
1156 2426 1237 2488 dubii
1254 2425 1341 2508 plane
1357 2427 1484 2488 haerea·
1501 2469 1504 2475 ,

264 2536 327 2577 mus
350 2525 380 2576 et
403 2514 560 2596 ancipites.
612 2515 646 2575 lu
671 2514 723 2577 tali
747 2534 843 2576 rerum
867 2523 961 2591 statu,
985 2514 1113 2576 emnium
1137 2513 1250 2576 animos
1275 2533 1439 2595 suspensos
1456 2523 1485 2576 et

268 2602 374 2665 divisos
391 2603 468 2664 inter
484 2622 566 2685 spem
581 2612 748 2685 metumque
766 2610 901 2674 tenente,
926 2602 1020 2664 literis
1044 2623 1081 2664 ex
1099 2603 1196 2665 auimo
1214 2613 1242 2664 et
1258 2602 1399 2664 severiori
1416 2612 1484 2664 stn-

269 2691 313 2752 dio
339 2689 501 2753 tractandis
523 2690 662 2753 bonorem
685 2710 771 2752 suum
789 2700 816 2751 et
834 2690 924 2751 otium
949 2690 998 2752 rix
1016 2711 1050 2752 ac
1068 2710 1106 2752 ne
1123 2690 1173 2752 rix
1190 2691 1307 2772 quidem
1324 2689 1485 2752 consistere

269 2779 405 2860 petuisse,
423 2777 512 2840 facile
528 2776 703 2861 perspicitur
720 2798 816 2859 neque
833 2778 936 2839 mirum
954 2778 1095 2859 profectu,
1108 2777 1287 2857 bibliopolas
1304 2798 1322 2840 a
1338 2776 1487 2840 sumtibus
1597 2786 1602 2797 “

264 2868 292 2928 in
307 2887 403 2930 ueros
418 2864 510 2928 libros
520 2865 667 2929 iaciendis
681 2885 716 2926 se
728 2865 886 2928 absterreri
899 2885 1005 2946 passos
1021 2884 1099 2929 esse.
1117 2865 1177 2928 Sed
1192 2866 1307 2927 taudem
1324 2865 1483 2948 aliquando

268 2955 432 3016 tentandum
448 2954 672 3036 radendumque
691 2952 802 3035 aliquid
826 2953 864 3016 iis
884 2963 931 3015 est
947 2953 1050 3035 sicque
1067 2953 1172 3034 prodit,
1190 2964 1344 3036 postquam
1362 2973 1440 3016 auuo
1456 2964 1485 3017 et

265 3045 339 3123 qued
356 3042 486 3104 excurrit
498 3041 608 3105 diutius
621 3041 833 3125 typothetarum
850 3042 962 3123 operue'
972 3042 1151 3122 interceptae
1168 3053 1261 3117 erant,
1276 3042 1412 3120 „ludex“
1424 3041 1485 3121 bie,

267 3132 348 3211 cnjus
365 3129 546 3209 congerendi
564 3129 682 3192 occasio
696 3132 764 3193 data
778 3141 832 3207 cst,
852 3151 917 3192 curu
934 3129 1038 3211 copiae
1057 3128 1128 3192 illae
1146 3129 1209 3192 lere
1225 3131 1396 3192 innumerae
1412 3152 1484 3212 per-

265 3216 435 3280 lustrandae
454 3225 483 3280 et
509 3217 721 3280 examinandae
746 3227 862 3295 essent,
886 3219 1055 3299 exquibus
1079 3218 1275 3297 eligerentur,
1302 3238 1379 3300 quae
1401 3239 1484 3280 cern-

266 3315 405 3386 ponereut
420 3305 662 3383 „'l'besanrum“,
678 3308 714 3369 de
730 3326 787 3388 qno
801 3305 863 3387 jam
879 3304 1052 3369 dictumest.
1075 3306 1219 3368 Nimirum
1234 3327 1300 3369 enm
1316 3307 1393 3369 banc
1407 3328 1484 3388 qna-

263 3393 439 3472 lemcnnqne
462 3391 590 3475 opellam
624 3402 683 3456 uon
708 3393 854 3473 ingratum
887 3392 953 3456 fore
981 3396 1131 3456 crederem
1160 3394 1316 3472 omuibus,
1349 3393 1399 3474 qui
1421 3416 1483 3457 uuo

264 3482 348 3561 quasi
368 3483 471 3543 obtuto
495 3481 677 3564 perlustrare
701 3480 825 3558 vellent,
851 3501 929 3560 quae
946 3501 1093 3544 successe
1110 3482 1249 3563 temporis
1269 3482 1483 3544 Germanorum

263 3568 405 3650 imprimis
430 3567 533 3632 labore
558 3579 586 3631 et
609 3568 757 3632 industria
778 3569 808 3630 in
834 3571 890 3631 boc
915 3590 1031 3651 genere·
1046 3570 1213 3646 literarum,
1237 3572 1274 3632 ad
1291 3569 1483 3652 explicandas

263 3656 451 3736 antiqnitates
466 3676 569 3720 sacras
589 3656 759 3738 pertinente,
777 3656 887 3738 scripta
903 3669 971 3720 suut
989 3668 1016 3720 et
1033 3657 1120 3734 edita,
1139 3657 1228 3720 laeile
1245 3659 1360 3739 incepto
1378 3657 1483 3721 annuit

264 3744 439 3826 bibliopola,
456 3746 508 3824 qni
523 3745 580 3808 bec
597 3745 693 3828 ipsum
711 3744 864 3809 literarum
884 3766 981 3826 genas
998 3747 1036 3808 err
1052 3744 1143 3827 longa
1160 3745 1227 3807 iude
1244 3764 1387 3809 annorum
1405 3746 1483 3810 serie

266 3834 408 3894 snmdbus
433 3832 463 3895 in
484 3831 655 3914 praeclaros
684 3833 778 3895 libres
803 3833 953 3897 faciundis
977 3834 1099 3915 egregie
1122 3833 1244 3916 adjuvit.
1293 3834 1360 3897 Non
1385 3844 1482 3899 ante·

267 3921 511 4000 acquiescendum
531 3942 597 3985 esse
613 3922 725 4004 puerit
739 3921 770 3983 in
785 3921 825 3983 iis
841 3922 1071 4004 pertractandis,
1095 3942 1218 4002 querum
1235 3922 1265 3984 iu
1282 3924 1483 4000 „Tbesauro“

261 4006 341 4071 lieret
359 4007 487 4087 mentio,
515 4010 567 4072 sed
584 4009 783 4090 incipiendum
803 4030 869 4072 esse
887 4011 925 4073 ab
942 4011 1039 4073 iudice
1064 4007 1249 4085 libellorum,
1274 4010 1426 4073 historiam
1444 4008 1482 4075 ll.

261 4096 300 4162 Τ.
318 4117 435 4162 sacram
455 4098 673 4181 exponentium.

326 4285 360 4356 *)
379 4285 480 4338 Prodilt
496 4287 545 4339 buc
564 4288 747 4356 inscriptione:
768 4286 940 4352 „Thesauros
953 4290 1195 4341 commentationum
1213 4290 1369 4341 selectarum
1390 4296 1416 4341 et
1435 4305 1481 4342 nn·

259 4357 400 4424 tiqniorom
421 4363 448 4406 et
475 4358 665 4422 recentiorum,
693 4357 853 4409 illustrandis
875 4360 1073 4425 antiquitatibus
1100 4359 1249 4411 christianis
1273 4359 1479 4411 inservientium.

256 4424 357 4477 licendi
377 4425 495 4491 curavit,
522 4426 655 4493 praetatus
674 4432 728 4488 cst,
759 4428 926 4494 appendicem
942 4428 1086 4480 literarium
1107 4436 1135 4481 et
1159 4429 1257 4479 indices
1284 4428 1381 4493 adjacit
1399 4425 1435 4479 bl.
1454 4427 1479 4479 J.

255 4494 287 4546 ll.
308 4492 343 4546 V.
364 4491 439 4545 Tem.
461 4492 482 4546 l.
508 4494 592 4563 Lipu,
620 4497 646 4547 iu
665 4495 772 4562 bibliop.
793 4495 921 4563 llykinnc.
944 4496 1020 4550 tatt.
1046 4497 1106 4550 Vlll
1125 4505 1153 4550 et
1170 4499 1221 4553 tea
1239 4514 1265 4565 p.
1293 4498 1319 4549 8.
1347 4527 1382 4539 -
1406 4495 1480 4548 Tomi

254 4562 368 4615 secundi
386 4577 447 4630 pars
464 4564 535 4630 prior
553 4578 620 4617 anno
641 4564 769 4636 superiori
794 4564 890 4631 publici
913 4565 981 4630 juris
1007 4566 1078 4620 tacta
1104 4574 1161 4635 ast,
1191 4581 1251 4638 pare
1278 4566 1482 4639 posteriorpro·

256 4632 363 4707 pedion
381 4632 523 4689 emittetur.
1522 4670 1524 4677 =
